<record><leader>00000cas a22000007a 4500</leader><controlfield tag="001">11905588</controlfield><controlfield tag="008">850411d18161820pauir ne      0    0eng d</controlfield><datafield ind1=" " ind2=" " tag="010"><subfield code="a">sn 85025788 </subfield></datafield><datafield ind1=" " ind2=" " tag="040"><subfield code="a">NPX</subfield><subfield code="b">eng</subfield><subfield code="c">NPX</subfield><subfield code="d">YOX</subfield><subfield code="d">KRTAS</subfield><subfield code="d">OCLCQ</subfield></datafield><datafield ind1=" " ind2=" " tag="042"><subfield code="a">msc</subfield></datafield><datafield ind1="0" ind2=" " tag="130"><subfield code="a">American centinel and mercantile advertiser (Philadelphia, Pa. : Triweekly)</subfield></datafield><datafield ind1="1" ind2="4" tag="245"><subfield code="a">The American centinel and mercantile advertiser.</subfield></datafield><datafield ind1="1" ind2="3" tag="246"><subfield code="a">American sentinel and mercantile advertiser</subfield></datafield><datafield ind1=" " ind2=" " tag="260"><subfield code="a">Philadelphia [Pa. :</subfield><subfield code="b">Printed by Jacob Frick]</subfield></datafield><datafield ind1=" " ind2=" " tag="300"><subfield code="a">v. ;</subfield><subfield code="c">51 cm.</subfield></datafield><datafield ind1=" " ind2=" " tag="310"><subfield code="a">Triweekly</subfield></datafield><datafield ind1="1" ind2=" " tag="362"><subfield code="a">Began in 1816; ceased in 1820.</subfield><subfield code="z">Cf. Brigham, C.S. Amer. newspapers.</subfield></datafield><datafield ind1=" " ind2=" " tag="500"><subfield code="a">Printed without masthead; each issue carries two dates.</subfield></datafield><datafield ind1=" " ind2=" " tag="500"><subfield code="a">Imprint recorded in Brigham, C.S. Amer. newspapers.</subfield></datafield><datafield ind1=" " ind2=" " tag="500"><subfield code="a">References: Shaw &amp; Shoemaker 36728; Brigham, C.S. Amer. newspapers, p. 888.</subfield></datafield><datafield ind1=" " ind2=" " tag="580"><subfield code="a">Weekly eds.: American centinel; American sentinel (Philadelphia, Pa. : Weekly).</subfield></datafield><datafield ind1=" " ind2=" " tag="588"><subfield code="a">Description based on: Sept. 9, 1816.</subfield></datafield><datafield ind1="1" ind2=" " tag="700"><subfield code="a">Frick, Jacob.</subfield></datafield><datafield ind1=" " ind2=" " tag="752"><subfield code="a">United States</subfield><subfield code="b">Pennsylvania</subfield><subfield code="c">Philadelphia</subfield><subfield code="d">Philadelphia.</subfield></datafield><datafield ind1="0" ind2=" " tag="775"><subfield code="t">American centinel and mercantile advertiser (Philadelphia, Pa. : Daily)</subfield><subfield code="w">(DLC)sn 85025787</subfield></datafield><datafield ind1="1" ind2=" " tag="775"><subfield code="t">American centinel</subfield><subfield code="w">(DLC)sn 85025789</subfield></datafield><datafield ind1="1" ind2=" " tag="775"><subfield code="t">American sentinel (Philadelphia, Pa. : Weekly)</subfield><subfield code="w">(DLC)sn 83032319</subfield></datafield><datafield ind1="0" ind2="0" tag="785"><subfield code="t">American sentinel and mercantile advertiser (Philadelphia, Pa. : Triweekly)</subfield><subfield code="w">(DLC)sn 85025791</subfield></datafield><datafield ind1=" " ind2=" " tag="938"><subfield code="a">Kirtas Technologies, Inc.</subfield><subfield code="b">KRTS</subfield><subfield code="n">739119</subfield></datafield></record>